%---------------------------------------------------------------------------------------%
%		Compressiblity for population dynamics				%
%---------------------------------------------------------------------------------------%
@article{Benzi09,
    author  = "R.~Benzi and D.~R.Nelson",    
    year    = "2009",
    journal = "Physica D",
    volume  = "238",      
    pages   = "2003",           
} 
@article{Pig12,
    author  = "S.~Pigolotti and R.~Benzi and M.~H.~Jensen and D.~R.~Nelson",
    year    = "2012",
    journal = "Phys. Rev. Lett.",
    volume  = "108",      
    pages   = "128102"   
} 
@article{Volk14,
    author  = "R.~Volk and C.~Mauger and M.~Bourgoin and C.~Cottin-Bizonne
	      and C.~Ybert and F.~Raynal",
    year    = "2014",
    journal = "Phys. Rev. E",
    volume  = "90",        
    pages   = "013027"   
} 
%---------------------------------------------------------------------------------------%
%		Antonov et al	and collaborators			%
%---------------------------------------------------------------------------------------%
% general kraichan
@article{AdzAnt98,
    author  = "L.~Ts.~Adzhemyan and N.~V.~Antonov",
    year    = "1998",
    journal = "Phys. Rev. E",
    volume  = "58",        
    pages   = "7381"   
}      
@article{Ant99,
    author  = "N.~V.~Antonov",
    year    = "1999",
    journal = "Phys. Rev. E",
    volume  = "60",        
    pages   = "6691"   
}       
% general kraichan + compressibility
@article{Ant00,
    author  = "N.~V.~Antonov",
    year    = "2000",
    journal = "Physica D",
    volume  = "144",        
    pages   = "370"   
}
%  general review 
@article{Ant06,
    author  = "N.~V.~Antonov",
    year    = "2006",
    journal = "J. Phys. A",
    volume  = "39",        
    pages   = "7825"   
}  
%    Critical behaviour of a fluid in a random shear flow
@article{AntIgn06,
    author  = "N.~V.~Antonov and A.~A.~Ignatieva",
    year    = "2006",
    journal = "J. Phys. A",
    volume  = "39",        
    pages   = "13593"   
}
%Gribov + Kraichnan 
@article{AntKap08,
    author  = "N.~V.~Antonov and V.~I.~Iglovikov and A.~S.~Kapusin",
    year    = "2008",
    journal = "J. Phys. A: Math. Theor.",
    volume  = "42",        
    pages   = "135001"   
}    

% Gribov + Kraichan rapid change model + compressibility
@article{AntKap10,
    author  = "N.~V.~Antonov and A.~S.~Kapusin",
    year    = "2010",
    journal = "J. Phys. A: Math. Theor.",
    volume  = "43",        
    pages   = "405001"   
}  

%  Gribov process + Navier Stokes
@article{Ant11,
    author  = "N.~V.~Antonov and A.~S.~Kapustin and A.~V.~Malyshev",
    year    = "2011",
    journal = "Theor. Math. Phys.",
    volume  = "169",        
    pages   = "1470"   
}  

%  Passive scalar + generalized Kraichnan
@article{AdzAntHon02,
    author  = "L.~Ts.~Adzhemyan and N.~V.~Antonov and J.~Honkonen",
    year    = "2002",
    journal = "Phys. Rev. E",
    volume  = "66",        
    pages   = "036313"   
}  

@article{AntKos14,
    author  = "N.~V.~Antonov and M.~M.~Kostenko",
    year    = "2014",
    journal = "Phys. Rev. E",
    volume  = "90",        
    pages   = "063016"   
}  


%---------------------------------------------------------------------------------------%
%		Our previous works 
%---------------------------------------------------------------------------------------%

% Gribov + Kraichnan-Antonov model
@article{DP13,
    author  = "  M.~Dan\v{c}o and M.~Hnati\v{c} and T.~Lu\v{c}ivjansk\'{y} and L.~Mi\v{z}i\v{s}in",
    year    = "2013",
    journal = "Theor. Math. Phys.",
    volume  = "176",        
    pages   = "898"   
}  

@article{HH00,
    author  = "M.~Hnatich and J.~Honkonen",
    year    = "2000",
    journal = "Phys. Rev. E",
    volume  = "61",        
    pages   = "3904"   
}  

@article{HHL13,
    author  = "M.~Hnati\v{c} and J.~Honkonen and T.~Lu\v{c}ivjansk\'y",
    year    = "2013",
    journal = "Eur. Phys. J. B",
    volume  = "86",        
    pages   = "214"   
}  
%---------------------------------------------------------------------------------------%
%		General RG technique
%---------------------------------------------------------------------------------------%
@article{WilKog74,
    author  = " K.~G.~Wilson and J.~Kogut ",
    year    = "1974",
    journal = "Phys. Rep.",
    volume  = "12",        
    pages   = "75"   
}  

@article{Sym73,
    author  = "K.~Symanzik",
    year    = "1973",
    journal = "Lett. Nuovo Cimento",
    volume  = "8",        
    pages   = "771"   
}  

@article{Schloms89,
    author  = "R.~Schloms and V.~Dohm",
    year    = "1989",
    journal = "Nucl. Phys. B",
    volume  = "328",        
    pages   = "639"   
}  
%---------------------------------------------------------------------------------------%
%		Stochastic magnetohydrodynamic
%---------------------------------------------------------------------------------------%
@article{MHD01,
    author  = "M.~Hnatich and J.~Honkonen and M. Jurcisin",
    year    = "2001",
    journal = "Phys. Rev. E",
    volume  = "64",       
    pages   = "056411"
}  
%---------------------------------------------------------------------------------------%
%		Reviews about percolation processes
%---------------------------------------------------------------------------------------%
@article{Janssen81,
    author  = "H.~K.~Janssen",
    year    = "1981",
    journal = "Z. Phys. B: Condens. Matter",
    volume  = "42",       
    pages   = "151"
}  

@article{Grassberger82,
    author  = "P.~Grassberger",
    year    = "1982",
    journal = "Z. Phys. B: Condens. Matter",
    volume  = "47",       
    pages   = "365"
}  


@article{JanTau04,
    author  = "H.~K.~Janssen and U.~C.~T{\"a}uber",
    year    = "2004",
    journal = "Ann. Phys.",
    volume  = "315",       
    pages   = "147"
}       

@article{Janssen76,
    author  = "H.~K.~Janssen",
    year    = "1976",
    journal = "Z. Phys. B",
    volume  = "23",        
    pages   = "377"   
} 

% Review about directed percolation 
@article{Hin01,
    author  = "H.~Hinrichsen",
    year    = "2001",
    journal = "Adv.~Phys. ",
    volume  = "49",        
    pages   = "815"   
} 

@book{Stauffer,
    author  = "D.~Stauffer and A.~Aharony",
    title   = "Introduction to Percolation Theory",
    year = "1992 ",
    publisher  = "Taylor and Francis ",    
    address  = "London ",      
} 

@article{Cardy80,
    author  = "J.~L.~Cardy and R.~L.~Sugar",
    year    = "1980",
    journal = "J. Phys. A Math. Gen.",
    volume  = "13",        
    pages   = "L423"   
}       
%---------------------------------------------------------------------------------------%
%		Percolation + long-range jumping
%---------------------------------------------------------------------------------------%
  
@article{Jan99,
    author  = "H.~K.~Janssen and K.~Oerding and F.~van~Wijland and H.~J.~Hilhorst",
    year    = "1999",
    journal = " Eur. Phys. J. B",
    volume  = "7",        
    pages   = "137"   
}  
%---------------------------------------------------------------------------------------%
% 	Non equilibrium phase transition
%---------------------------------------------------------------------------------------%

@article{Hin07,
    author  = "H.~Hinrichsen",
    year    = "2007",
    journal = "J. Stat. Phys.: Theor. Exp.",
    volume  = "137",        
    pages   = "P07066"   
}    
@article{Hin06,
    author  = "H.~Hinrichsen",
    year    = "2006",
    journal = "Physica A",
    volume  = "369",        
    pages   = "1"   
}    



%---------------------------------------------------------------------------------------%
% 	Kraichnan model 
%---------------------------------------------------------------------------------------%

@article{Kra68,
    author  = " R.~H.~Kraichnan",
    year    = "1968",
    journal = "Phys. Fluids",
    volume  = "11",        
    pages   = "945"   
}    
%---------------------------------------------------------------------------------------%
% 	Turbulence articles
%---------------------------------------------------------------------------------------%
@article{FGV01,
    author  = "G.~Falkovich and K.~Gaw{\c{e}}dzki and M.~Vergassola",
    year    = "2001",
    journal = "Rev. Mod. Phys.",
    volume  = "73",        
    pages   = "913"   
} 

@article{FNS77,
    author  = "D.~Forster and D.~R.~Nelson and M.~J.~Stephen",
    year    = "1977",
    journal = "Phys. Rev. A",
    volume  = "16",        
    pages   = "732"   
} 
%---------------------------------------------------------------------------------------%
% 	Random walk in random environments
%---------------------------------------------------------------------------------------%
@article{HonKar88,
    author  = "J.~Honkonen and E.~Karjalainen",
    year    = "1988",
    journal = "J. Phys. A: Math. Gen.",
    volume  = "21",        
    pages   = "4217"   
}   
@article{Bou90,
    author  = "J.~P.~Bouchaud and A.~Georges",
    year    = "1990",
    journal = "Phys. Rep.",
    volume  = "195",        
    pages   = "127"   
}  
@article{Hon96,
    author  = "J.~Honkonen",
    year    = "1996",
    journal = "Phys. Rev. E",
    volume  = "53",        
    pages   = "327"   
}   


%---------------------------------------------------------------------------------------%
% 	Experiments for directed percolation
%---------------------------------------------------------------------------------------%
@article{TKCS07,
    author  = "K.~A.~Takeuchi and M.~Kuroda and H.~Chat and M.~Sano",
    year    = "2007",
    journal = "Phys. Rev. Lett.",
    volume  = "99",        
    pages   = "234503"   
}   

% ferrofluidic spikes
@article{RRR03,
    author  = "P.~Rupp and R.~Richter and I.~Rehberg",
    year    = "2003",
    journal = "Phys. Rev. E",
    volume  = "67",        
    pages   = "036209"   
}   

%---------------------------------------------------------------------------------------%
%                   Quenched disorder + percolation process
%---------------------------------------------------------------------------------------%

@article{Janssen97,
    author  = "H.~K.~Janssen",
    year    = "1997",
    journal = "Phys. Rev. E",
    volume  = "55",        
    pages   = "6253"   
} 


@article{MorDic96,
    author  = "A.~G.~Moreira and R.~Dickman",
    year    = "1996",
    journal = "Phys. Rev. E",
    volume  = "54",        
    pages   = "R3090"   
} 

@article{CGM98,
    author  = "R.~Cafiero and A.~Gabrielli and M.~A.~Mu{\~{n}oz}",
    year    = "1998",
    journal = "Phys. Rev. E",
    volume  = "57",        
    pages   = "5060"   
} 

@article{Vojta05,
    author  = "T.~Vojta and M.~Dickison",
    year    = "2005",
    journal = "Phys. Rev. E",
    volume  = "72",        
    pages   = "036126"   
} 

@article{Vojta06,
    author  = "T.~Vojta and M.~Y.~Lee",
    year    = "2006",
    journal = "Phys. Rev. Lett.",
    volume  = "96",        
    pages   = "035701"   
} 
%---------------------------------------------------------------------------------------%
%                   Programs
%---------------------------------------------------------------------------------------%
@book{mathematica,
    author  = "Wolfram\mbox{ }Research",    
    title = "Mathematica, Version 9.0",    
    year = "2012",        
    address  = "Champaign, Illinois ", 
} 
%---------------------------------------------------------------------------------------%
%                   Dynamical action formilation 
%---------------------------------------------------------------------------------------%

@article{deDom76,
    author  = "C.~de~Dominicis",
    year    = "1976",
    journal = "J. Phys. Colloq. France",
    volume  = "37",        
    pages   = "C1-247"   
} 
@book{Janssen79,
    author  = "H.~K.~Janssen ",
    title   = "Dynamical Critical Phenomena and Related Topics ",
    year = " 1979 ",
    publisher  = "Springer ",    
    address  = "Heidelberg ",  
    series = "Lect. Notes Phys. Vol. 104" ,      
} 

@article{MSR73,
    author  = "P.~Martin and E.~D.~Siggia and H.~A.~Rose",
    year    = "1973",
    journal = "Phys. Rev. A",
    volume  = "8",        
    pages   = "423"   
} 

 Phys. Rev. A 8, 423 (1973).
%---------------------------------------------------------------------------------------%
%                   Critical Dynamics
%---------------------------------------------------------------------------------------%
@article{Hohen77,
    author  = "P.~C.~Hohenberg and B.~I.~Halperin",
    year    = "1977",
    journal = "Rev. Mod. Phys.",
    volume  = "49",        
    pages   = "435"   
} 

%---------------------------------------------------------------------------------------%
%                   Formulation of percolation via reaction models
%---------------------------------------------------------------------------------------%



@article{Doi1,
    author  = " M.~Doi",
    year    = "1976",
    journal = "J. Phys. A",
    volume  = "9",        
    pages   = "1456"   
} 

@article{Doi2,
    author  = " M.~Doi",
    year    = "1976",
    journal = "J. Phys. A",
    volume  = "9",        
    pages   = "1479"   
} 

@article{Odor04,
    author  = "G.~{\'O}dor",
    year    = "2004",
    journal = "Rev. Mod. Phys.",
    volume  = "76",        
    pages   = "663"   
} 


%---------------------------------------------------------------------------------------%
%                   Textbooks
%---------------------------------------------------------------------------------------%
@book{Amit,
    author  = "D. J. Amit and V. Mart\'in-Mayor",
    title   = "Field Theory, the Renormalization Group and Critical Phenomena",
    year = "2005",
    publisher  = "World Scientific",    
    address  = "Singapore",    
} 

@book{Zia95,
    author  = "B.~Schmittmann and R.~K.~P.~Zia",
    title   = "Statistical Mechanics of Driven Diffusive Systems 
    (Phase Transitions and Critical Phenomena {\it vol} 17)",
    year = "1995",        
    publisher = "ed C.~Domb and J.~L.~Lebowitz",
    address  = "London:Academic"    
} 

@book{Zinn,
    author  = "J.~Zinn-Justin",
    title   = "Quantum Field Theory and Critical Phenomena",
    year = "1996",
    publisher  = "Oxford University Press",    
    address  = "Oxford",    
} 
@book{Vasiliev,
    author  = "A.~N.~Vasil'ev",
    title   = "The Field Theoretic Renormalization Group in Critical Behavior Theory and Stochastic Dynamics",
    year = "2004",
    publisher  = "Boca Raton: Chapman  Hall/CRC",          
}   
@book{Frisch,
    author  = "U.~Frisch ",
    title   = "Turbulence: The Legacy of A. N. Kolmogorov",
    year = "1995 ",
    publisher  = "Cambridge University Press",    
    address  = "Cambridge",    
} 
@book{Landau_fluid,
    author  = "L.~D.~Landau and E.~M.~Lifshitz ",
    title   = " Fluid Mechanics ",
    year = "1959 ",
    publisher  = "Pergamon Press ",        
} 
@book{turbo,
    author  = "L.~Ts.~Adzhemyan and N.~V.~Antonov and A.~N.~Vasil'ev ",
    title   = "The Field Theoretic Renormalization Group in Fully Developed Turbulence ",
    year = "1999 ",
    publisher  = "Gordon \& Breach ",    
    address  = " London ",    
} 
@book{Gardiner,
    author  = "C.~W.~Gardiner ",
    title   = "Handbook of Stochastic Methods: For Physics, Chemistry, and the Natural Sciences ",
    year = "2009 ",
    publisher  = "Springer ",          
} 
@book{Kampen,
    author  = "N.~G.~van~Kampen ",
    title   = "Stochastic processes in Physics and Chemistry ",
    year = "2007 ",
    publisher  = "North-Holland ",    
    address  = "Amsterdam ",    
} 
@book{Tauber2014,
    author  = "U.~T{\"a}uber ",
    title   = "Critical Dynamics: A Field Theory Approach to Equilibrium
	      and Non-Equilibrium Scaling Behavior",
    year = "2014 ",
    publisher  = "Cambridge University Press ",    
    address  = " New York",    
} 
@book{HHL08,
    author  = "M.~Henkel and H.~Hinrichsen and S.~L{\"u}beck",
    title   = "Non-equilibrium phase transitions: Volume 1 – Absorbing phase transitions ",
    year = " 2008 ",
    publisher  = " Springer ",    
    address  = " Dordrecht",    
} 

@book{Monin,
    author  = "A.~S.~Monin and A.~M.~Yaglom ",
    title   = "Statistical Fluid Mechanics:Vol 2",
    year = "1975 ",
    publisher  = "MIT Press ",    
    address  = "Cambride ",    
} 


%---------------------------------------------------------------------------------------%
@book{,
    author  = " ",
    title   = " ",
    year = " ",
    publisher  = " ",    
    address  = " ",    
} 


@article{,
    author  = "",
    year    = "",
    journal = "",
    volume  = "",        
    pages   = ""   
} 
